

%%%%%%%%%%%%%%%%%%%% R libraries %%%%%%%%%%%%%%%%%%%%

@Manual{BW14,
  title = {magrittr: A Forward-Pipe Operator for R},
  author = {Stefan Milton Bache and Hadley Wickham},
  year = {2014},
  note = {R package version 1.5},
  url = {https://CRAN.R-project.org/package=magrittr},
}

@Manual{Wickham20,
  title = {tidyr: Tidy Messy Data},
  author = {Hadley Wickham},
  year = {2020},
  note = {R package version 1.1.2},
  url = {https://CRAN.R-project.org/package=tidyr},
}

@Manual{WHF18,
  title = {readr: Read Rectangular Text Data},
  author = {Hadley Wickham and Jim Hester and Romain Francois},
  year = {2018},
  note = {R package version 1.3.1},
  url = {https://CRAN.R-project.org/package=readr},
}

@Manual{HW20,
  title = {purrr: Functional Programming Tools},
  author = {Lionel Henry and Hadley Wickham},
  year = {2020},
  note = {R package version 0.3.4},
  url = {https://CRAN.R-project.org/package=purrr},
}

@Manual{WFHM20,
  title = {dplyr: A Grammar of Data Manipulation},
  author = {Hadley Wickham and Romain François and Lionel Henry and Kirill Müller},
  year = {2020},
  note = {R package version 1.0.1},
  url = {https://CRAN.R-project.org/package=dplyr},
}

@Article{GW11,
  title = {Dates and Times Made Easy with {lubridate}},
  author = {Garrett Grolemund and Hadley Wickham},
  journal = {Journal of Statistical Software},
  year = {2011},
  volume = {40},
  number = {3},
  pages = {1--25},
  url = {http://www.jstatsoft.org/v40/i03/},
}

@Article{WCH20,
  author = {Earo Wang and Dianne Cook and Rob J Hyndman},
  title = {A new tidy data structure to support exploration and modeling of temporal data},
  journal = {Journal of Computational and Graphical Statistics},
  volume = {29},
  number = {3},
  pages = {466-478},
  year = {2020},
  publisher = {Taylor & Francis},
  doi = {10.1080/10618600.2019.1695624},
  url = {https://doi.org/10.1080/10618600.2019.1695624},
}

@Manual{OHW21,
  title = {fable: Forecasting Models for Tidy Time Series},
  author = {Mitchell O'Hara-Wild and Rob Hyndman and Earo Wang},
  year = {2021},
  note = {R package version 0.3.0},
  url = {https://CRAN.R-project.org/package=fable},
}

@Manual{OHW212,
  title = {fabletools: Core Tools for Packages in the 'fable' Framework},
  author = {Mitchell O'Hara-Wild and Rob Hyndman and Earo Wang},
  year = {2021},
  note = {R package version 0.3.0},
  url = {https://CRAN.R-project.org/package=fabletools},
}

@Manual{OHW213,
  title = {feasts: Feature Extraction and Statistics for Time Series},
  author = {Mitchell O'Hara-Wild and Rob Hyndman and Earo Wang},
  year = {2021},
  note = {R package version 0.1.7},
  url = {https://CRAN.R-project.org/package=feasts},
}

@Manual{Firke21,
  title = {janitor: Simple Tools for Examining and Cleaning Dirty Data},
  author = {Sam Firke},
  year = {2021},
  note = {R package version 2.1.0},
  url = {https://CRAN.R-project.org/package=janitor},
}

@Manual{,
  title = {rlang: Functions for Base Types and Core R and 'Tidyverse' Features},
  author = {Lionel Henry and Hadley Wickham},
  year = {2020},
  note = {R package version 0.4.10},
  url = {https://CRAN.R-project.org/package=rlang},
}
